@misc{ wiki:espacio-vectorial,
    author = "Wikipedia",
    title = "Espacio vectorial --- Wikipedia{,} La enciclopedia libre",
    year = "2020",
    url = "\url{https://es.wikipedia.org/w/index.php?title=Espacio_vectorial&oldid=128568708}",
}
